@Book{hopcroft,
  author =   {Hopcroft, John E. and Motwani, Rajeev and Ullman, Jeffrey D.},
  ALTeditor =    {},
  title =    {Einführung in die Automatentheorie, Formale Sprachen und Komplexitätstheorie},
  publisher =    {Pearson Education},
  year =   {2002},
  OPTkey =   {},
  OPTvolume =    {},
  OPTnumber =    {},
  OPTseries =    {},
  OPTaddress =   {},
  OPTedition =   {},
  OPTmonth =   {},
  OPTnote =    {},
  OPTannote =    {}
}

@Misc{batterystatus,
  Author={Android Developer API Documentation},
  title={Monitoring the Battery Level and Charging State},
  howpublished={\url{http://developer.android.com/training/monitoring-device-state/battery-monitoring.html}}
}

@Misc{locationmanager,
  Author={Android Developer API Documentation},
  title={LocationManager},
  howpublished={\url{http://developer.android.com/reference/android/location/LocationManager.html}}
}

@Misc{contentprovider,
  Author={Android Developer API Documentation},
  title={Content Providers},
  howpublished={\url{http://developer.android.com/guide/topics/providers/content-providers.html}}
}

@Misc{savingfiles,
  Author={Android Developer API Documentation},
  title={Saving Files},
  howpublished={\url{http://developer.android.com/training/basics/data-storage/files.html}}
}

@Misc{sqlitetutorial,
  Author={Vogel, Lars},
  title={Android SQLite database and content provider - Tutorial},
  howpublished={\url{http://www.vogella.com/tutorials/AndroidSQLite/article.html}}
}

@Misc{crud,
  Author={Wikimedia Foundation},
  title={Create, read, update and delete},
  howpublished={\url{http://en.wikipedia.org/wiki/Create,_read,_update_and_delete}}
}

@Misc{geodesy,
  author = {Penstate College of Earth and Mineral Sciences},
  title = {Geodesy, Datums, and Coordinate Systems},
  howpublished = {\url{https://www.e-education.psu.edu/lidar/l3_p3.html}}
}

@Misc{wsg84,
  author = {Wikimedia Foundation},
  title = {World Geodetic System 1984},
  howpublished = {\url{http://en.wikipedia.org/wiki/World_Geodetic_System_1984}}
}

@Misc{gpsprecision,
  author = {Wikimedia Foundation},
  title = {Global Positioning System - Genauigkeit der Positionsbestimmung},
  howpublished = {\url{http://de.wikipedia.org/wiki/Global_Positioning_System#Genauigkeit_der_Positionsbestimmung}}
}



@Misc{georef,
  author = {ArcGIS 9.2},
  title = {Georeferencing and coordinate systems},
  howpublished = {\url{http://webhelp.esri.com/arcgisdesktop/9.2/index.cfm?TopicName=Georeferencing_and_coordinate_systems}}
}

@Misc{gpxwiki,
  author = {Wikimedia Foundation},
  title = {GPS Exchange Format},
  howpublished = {\url{http://en.wikipedia.org/wiki/GPS_Exchange_Format}}
}

@Misc{trilateration,
  author = {Wikimedia Foundation},
  title = {Trilateration},
  howpublished = {\url{http://de.wikipedia.org/wiki/Trilateration}}
}

@Misc{gpx,
  author = {Topografix},
  title = {GPX 1.1 Schema Documentation},
  howpublished = {\url{http://www.topografix.com/GPX/1/1/}}
}

@Misc{batteryusage,
  author = {Jan},
  title = {Answer to: Is location provider really a battery drain?},
  howpublished = {\url{http://stackoverflow.com/questions/8947136/is-location-provider-really-a-battery-drain}}
}

@Misc{velolandmap,
  author = {Schweizmobil},
  title = {Veloland: Karte},
  howpublished = {\url{http://map.veloland.ch/}}
}

@Misc{schweizmobil,
  author = {Schweizmobil},
  title = {Schweizmobil},
  howpublished = {\url{http://www.schweizmobil.ch/}}
}

@Book{leicagps,
  author =   {Leica Geosystems AG},
  ALTeditor =    {},
  title =    {Einführung in die GPS Vermessung (Global Positioning System)},
  howpublished = {\url{http://www.leica-geosystems.com/downloads123/zz/gps/gps_system500/manuals/GPSBasics_de.pdf}},
  publisher =    {Leica Geosystems AG},
  year =   {1999},
  OPTkey =   {},
  OPTvolume =    {},
  OPTnumber =    {},
  OPTseries =    {},
  OPTaddress =   {},
  OPTedition =   {},
  OPTmonth =   {},
  OPTnote =    {},
  OPTannote =    {}
}

@article{gpscorrection,
    author = {Martin, Jason Daniel and Krösche, Jens and Boll, Susanne},
    title = {Dynamic GPS-position correction for mobile pedestrian navigation and orientation},
    journal = {Proceedings of the 3rd workshop on positioning, navigation and communication},
    howpublished = {\url{http://www.wpnc.net/fileadmin/WPNC06/Proceedings/Dynamic_GPS-position_correction_for_mobile_pedestrian_navigation_and_orientation.pdf}}
}

@article{haversine,
    author = {Sinnott, R. W.},
    journal = {Sky and Telescope},
    keywords = {da},
    number = {2},
    pages = {159+},
    title = {{Virtues of the Haversine}},
    volume = {68},
    year = {1984}
}

@article{douglaspeucker,
    author = {Douglas, David H and Peucker Thomas K},
    journal = {Computer Graphics and Image Processing, Vol. 1, No. 3.},
    number = {2},
    pages = {112-122},
    title = {{Algorithms for the reduction of the number of points required to represent a digitized line or its caricature}},
    volume = {10},
    year = {1973}
}

@article{ramer,
    author = {Ramer, Urs},
    journal = {Computer Graphics and Image Processing, Vol. 1, No. 3.},
    number = {3},
    pages = {244-256},
    title = {{An iterative procedure for the polygonal approximation of plane curves}},
    volume = {1},
    year = {1972}
}